
@article{PascalVOC,
 author = {Everingham, Mark and Gool, Luc and Williams, Christopher K. and Winn, John and Zisserman, Andrew},
 title = {The Pascal Visual Object Classes (VOC) Challenge},
 journal = {Int. J. Comput. Vision},
 issue_date = {June      2010},
 volume = {88},
 number = {2},
 month = jun,
 year = {2010},
 issn = {0920-5691},
 pages = {303--338},
 numpages = {36},
 url = {http://dx.doi.org/10.1007/s11263-009-0275-4},
 doi = {10.1007/s11263-009-0275-4},
 acmid = {1747104},
 publisher = {Kluwer Academic Publishers},
 address = {Hingham, MA, USA},
 keywords = {Benchmark, Database, Object detection, Object recognition},
}

@article{PartModels,
 author = {Felzenszwalb, Pedro F. and Girshick, Ross B. and McAllester, David and Ramanan, Deva},
 title = {Object Detection with Discriminatively Trained Part-Based Models},
 journal = {IEEE Trans. Pattern Anal. Mach. Intell.},
 issue_date = {September 2010},
 volume = {32},
 number = {9},
 month = sep,
 year = {2010},
 issn = {0162-8828},
 pages = {1627--1645},
 numpages = {19},
 url = {http://dx.doi.org/10.1109/TPAMI.2009.167},
 doi = {10.1109/TPAMI.2009.167},
 acmid = {1850574},
 publisher = {IEEE Computer Society},
 address = {Washington, DC, USA},
 keywords = {Object recognition, Object recognition, deformable models, pictorial structures, discriminative training, latent SVM., deformable models, discriminative training, latent SVM., pictorial structures},
}

@article{HintonDBN,
 author = {Hinton, Geoffrey E. and Osindero, Simon and Teh, Yee-Whye},
 title = {A Fast Learning Algorithm for Deep Belief Nets},
 journal = {Neural Comput.},
 issue_date = {July 2006},
 volume = {18},
 number = {7},
 month = jul,
 year = {2006},
 issn = {0899-7667},
 pages = {1527--1554},
 numpages = {28},
 url = {http://dx.doi.org/10.1162/neco.2006.18.7.1527},
 doi = {10.1162/neco.2006.18.7.1527},
 acmid = {1161605},
 publisher = {MIT Press},
 address = {Cambridge, MA, USA},
}

@incollection{ImageNet,
title = {ImageNet Classification with Deep Convolutional Neural Networks},
author = {Alex Krizhevsky and Sutskever, Ilya and Geoffrey E. Hinton},
booktitle = {Advances in Neural Information Processing Systems 25},
editor = {F. Pereira and C.J.C. Burges and L. Bottou and K.Q. Weinberger},
pages = {1097--1105},
year = {2012},
publisher = {Curran Associates, Inc.},
url = {http://papers.nips.cc/paper/4824-imagenet-classification-with-deep-convolutional-neural-networks.pdf}
}

@inproceedings{CDBN,
 author = {Lee, Honglak and Grosse, Roger and Ranganath, Rajesh and Ng, Andrew Y.},
 title = {Convolutional Deep Belief Networks for Scalable Unsupervised Learning of Hierarchical Representations},
 booktitle = {Proceedings of the 26th Annual International Conference on Machine Learning},
 series = {ICML '09},
 year = {2009},
 isbn = {978-1-60558-516-1},
 location = {Montreal, Quebec, Canada},
 pages = {609--616},
 numpages = {8},
 url = {http://doi.acm.org/10.1145/1553374.1553453},
 doi = {10.1145/1553374.1553453},
 acmid = {1553453},
 publisher = {ACM},
 address = {New York, NY, USA},
}

@misc{MNIST,
 author = {Y. LeCun and C. Cortes.},
 url = {http://yann.lecun.com/exdb/mnist/},
}

@inproceedings{LoweObjSIFT,
 author = {Lowe, David G.},
 title = {Object Recognition from Local Scale-Invariant Features},
 booktitle = {Proceedings of the International Conference on Computer Vision-Volume 2 - Volume 2},
 series = {ICCV '99},
 year = {1999},
 isbn = {0-7695-0164-8},
 pages = {1150--},
 url = {http://dl.acm.org/citation.cfm?id=850924.851523},
 acmid = {851523},
 publisher = {IEEE Computer Society},
 address = {Washington, DC, USA},
}

@Article{Verydeep,
    author       = "Simonyan, K. and Zisserman, A.",
    title        = "Very Deep Convolutional Networks for Large-Scale Image Recognition",
    journal      = "CoRR",
    volume       = "abs/1409.1556",
    year         = "2014"
}

@inproceedings {EfficientBackProp,
original =    "orig/lecun-98b.ps.gz",
author = 	"LeCun, Y. and Bottou, L. and Orr, G. and Muller, K.",
title = 	"Efficient BackProp",
booktitle =	"Neural Networks: Tricks of the trade",
editor =        "Orr, G. and Muller K.",
publisher =     "Springer",
year =		1998
}

@article{WinMomentum,
author = {Istook, Butch and Martinez, Tony R.},
title = {Improved Backpropagation Learning in Neural Networks with Windowed Momentum},
journal = {International Journal of Neural Systems},
volume = {3 and 4},
pages = {303--318},
year = {2002},
}



